%% LaTeX2e file `babrenk-bibtex-entries.bib'
%% generated by the `bibtex-entries' environment
%% from source `babrenk' on 2021/08/30.
%%

@article{lda,
  author =       {David M. Blei, Andrew Y. Ng, Michael I. Jordan},
  title =        {Latent Dirichlet Allocation},
  journal =    {Journal of Machine Learning Research},
  year =         {2003},
}

@article{ptm,
  author =       {David M. Blei},
  title =        {Probabilistic Topic Models},
  journal =    {Communication of the ACM},
  year =         {2012},
}

@article{plsa,
  author =       {Thomas Hofmann},
  title =        {Probabilistic Latent Semantic Analysis},
  institution =  {EECS Department, Computer Science Division, University of California, Berkeley  \& sInternational Computer Science Institute, Berkeley, CA},
  year =         {1975}
}

@Manual{towardsdata,
  author =       {Susan Li},
  title =        {Topic Modeling and Latent Dirichlet Allocation (LDA) in Python},
  year =         {2018},
  url =          {https://towardsdatascience.com/topic-modeling-and-latent-dirichlet-allocation-in-python-9bf156893c24}
}

@Manual{towardsdata,
  author =       {Tyler Doll},
  title =        {LDA Topic Modeling: An Explanation},
  year =         {2018},
  url =          {https://towardsdatascience.com/lda-topic-modeling-an-explanation-e184c90aadcd}
}

@Book{tmbook,
  author =       {Chaitanya Chemudugunta},
  title =        {Text Mining with Probabilistic Topic Models: Applications in Information Retrieval and Concept Modeling},
  publisher =    {LAP Lambert Academic Publishing},
  year =         2010,
  doi =          {TBD},
}

@Manual{lda2,
  title =        {Topic modeling using Latent Dirichlet Allocation(LDA) and Gibbs Sampling explained!},
  author =       {Ankur Tomar},
  url =          {https://medium.com/analytics-vidhya/topic-modeling-using-lda-and-gibbs-sampling-explained-49d49b3d1045},
  year =         {2018},
}

@masterthesis{magnus,
  title =        {Betrachtung eines statischen Topic-Modells zur Repräsentation wechselnder Dokumente},
  author =       {Magnus Bender},
  url =          {http://www.ctan.org/pkg/varioref},
school =  {University of Lübeck}
year =      {2019}
}

@Manual{radim,
  title =        {LDA Model},
  author =       {Radim Řehůřek},
  url =          {https://radimrehurek.com/gensim/auto_examples/tutorials/run_lda.html},
  year =         {2009}
}

@Manual{radim2,
  title =        {Parallelized Latent Dirichlet Allocation},
  author =       {Radim Řehůřek},
  url =          {https://radimrehurek.com/gensim/models/ldamulticore.html},
  year =         {2009}
}

@techreport{q1
title = {Maintaining Topic Models for Growing Corpora},
author = {Felix Kuhr, Magnus Bender, Tanya Braun and Ralf Mo ̈ller},
institution = {Universität zu Lübeck},
year = {2020}}

@techreport{q2
title = {Topic modeling in large scale social network data},
author = {Aman Ahuja, Wei Wei, Kathleen M. Carley},
insitution = {Institute of Software Research, School of Computer Science, Pittsburgh},
year = {2015}
}

@techreport{q3
title = {LSA & LDA Topic Modeling Classification: Comparison study on E-books},
author = {Shaymaa H. Mohammed, Salam Al-augby},
institution = {Department of Computer Science, Faculty of Computer Science and Mathamatics, University of Kufa, Iraq},
year = {2019}}

@techreport{q4
title = {An LDA-based community structure discovery approach for large-scale social networks},
author = {H. Zhang, B. Qiu, C.L. Giles, H.C. Foley and J. Yen},
institution = {IEEE},
year ={2007}}

@article{q5
title = {Latent Dirichlet allocation (LDA) and topic modeling: models, applications, a survey},
author = {Hamed Jelodar, Yongli Wang, Chi Yuan, Xia Feng, Xiahui Jiang, Yanchao Li and Liang Zhao},
journal = {Springer},
year ={2019}}

@techreport{q6
title = {LDA based topic modeling of journal abstracts},
author = {P. Anupriya, S. Karpagavalli},
institution = {IEEE},
year ={2015}}

@article{q7
title = {Understanding Weekly COVID-19 Concerns through Dynamic Content-Specific LDA Topic Modeling},
author = {Mohammadzaman Zamani, H. Andrew Schwartz, Johannes Eichstaedt, Sharath Chandra Guntuku, Adithya Virinchipuram Ganesan,Sean Clouston and Salvatore Giorgi},
journal = {Proc Conf Empir Methods Nat Lang Process},
year ={2020}}

@techreport{q8
title = {Topic Significance Ranking of LDA Generative Models},
author = {Loulwah AlSumait, Daniel Barbara, James Gentle and Carlotta Domeniconi},
institution = {Department of Computer Science, George Mason University, Fairfax VA 22030, USA},
year ={2009}}

@article{q9
title = {Learning Topic Models — Provably and Efficiently},
author= {Sanjeev Arora, Rong Ge, Yoni Halpern, David Mimno, Ankur Moitra, David Sontag, Yichen Wu, Michael Zhu},
journal = {Communications of the ACM},
year = {2018}}

@techreport{q10
title = {Topic Models (I)},
author = {Runzhe Yang},
institution = {Princeton University, Department of Computer Science},
year = {2019}
}

@techreport{q11
title = {Applications of Topic Models},
author = {Jordan Boyd-Graber},
institution = {Department of Computer Science, umiacs, Language Science University of Maryland},
year = {2017}
}

@misc{statista,
title = {Prognose zum Volumen der jährlich generierten digitalen Datenmenge weltweit in den Jahren 2018 und 2025},
author = {F. Tenzer},
url ={https://de.statista.com/statistik/daten/studie/267974/umfrage/prognose-zum-weltweit-generierten-datenvolumen/},
year = {2020}
}



